%YAML 1.1
%TAG !u! tag:unity3d.com,2011:
--- !u!1 &1108292058588545068
GameObject:
  m_ObjectHideFlags: 0
  m_CorrespondingSourceObject: {fileID: 0}
  m_PrefabInstance: {fileID: 0}
  m_PrefabAsset: {fileID: 0}
  serializedVersion: 6
  m_Component:
  - component: {fileID: 8337666017381900600}
  m_Layer: 0
  m_Name: GameObject
  m_TagString: Untagged
  m_Icon: {fileID: 0}
  m_NavMeshLayer: 0
  m_StaticEditorFlags: 0
  m_IsActive: 1
--- !u!4 &8337666017381900600
Transform:
  m_ObjectHideFlags: 0
  m_CorrespondingSourceObject: {fileID: 0}
  m_PrefabInstance: {fileID: 0}
  m_PrefabAsset: {fileID: 0}
  m_GameObject: {fileID: 1108292058588545068}
  m_LocalRotation: {x: -0, y: -0, z: -0, w: 1}
  m_LocalPosition: {x: 0, y: 0, z: 0}
  m_LocalScale: {x: 1, y: 1, z: 1}
  m_ConstrainProportionsScale: 0
  m_Children:
  - {fileID: 1088862297008773441}
  - {fileID: 1088862295231178113}
  - {fileID: 1088862295384108925}
  - {fileID: 1088862296961874086}
  - {fileID: 1088862295558211472}
  - {fileID: 1088862296061897014}
  m_Father: {fileID: 0}
  m_RootOrder: 0
  m_LocalEulerAnglesHint: {x: 0, y: 0, z: 0}
--- !u!1001 &1456128534822322563
PrefabInstance:
  m_ObjectHideFlags: 0
  serializedVersion: 2
  m_Modification:
    m_TransformParent: {fileID: 1088862295272827609}
    m_Modifications:
    - target: {fileID: 5390173034849471112, guid: fffbea1cecd22d349b0c1794787a87ee, type: 3}
      propertyPath: m_Materials.Array.data[0]
      value: 
      objectReference: {fileID: 2100000, guid: cce45bf390b31dc489e4a8bb6f4573d8, type: 2}
    - target: {fileID: 5390173034849471113, guid: fffbea1cecd22d349b0c1794787a87ee, type: 3}
      propertyPath: m_Mesh
      value: 
      objectReference: {fileID: 4300000, guid: 851dd4b8ab2c57644800967b655a39cd, type: 2}
    - target: {fileID: 5390173034849471115, guid: fffbea1cecd22d349b0c1794787a87ee, type: 3}
      propertyPath: m_Mesh
      value: 
      objectReference: {fileID: 4300000, guid: 851dd4b8ab2c57644800967b655a39cd, type: 2}
    - target: {fileID: 5390173034849471115, guid: fffbea1cecd22d349b0c1794787a87ee, type: 3}
      propertyPath: m_Convex
      value: 0
      objectReference: {fileID: 0}
    - target: {fileID: 5390173034849471116, guid: fffbea1cecd22d349b0c1794787a87ee, type: 3}
      propertyPath: width
      value: 2048
      objectReference: {fileID: 0}
    - target: {fileID: 5390173034849471116, guid: fffbea1cecd22d349b0c1794787a87ee, type: 3}
      propertyPath: height
      value: 2048
      objectReference: {fileID: 0}
    - target: {fileID: 5390173034849471118, guid: fffbea1cecd22d349b0c1794787a87ee, type: 3}
      propertyPath: m_Name
      value: Cycling
      objectReference: {fileID: 0}
    - target: {fileID: 5390173034849471118, guid: fffbea1cecd22d349b0c1794787a87ee, type: 3}
      propertyPath: m_IsActive
      value: 1
      objectReference: {fileID: 0}
    - target: {fileID: 5390173034849471119, guid: fffbea1cecd22d349b0c1794787a87ee, type: 3}
      propertyPath: cooldown
      value: -965.33484
      objectReference: {fileID: 0}
    - target: {fileID: 5390173034849471119, guid: fffbea1cecd22d349b0c1794787a87ee, type: 3}
      propertyPath: maskMesh
      value: 
      objectReference: {fileID: 4300000, guid: 851dd4b8ab2c57644800967b655a39cd, type: 2}
    - target: {fileID: 5390173034849471222, guid: fffbea1cecd22d349b0c1794787a87ee, type: 3}
      propertyPath: m_RootOrder
      value: 1
      objectReference: {fileID: 0}
    - target: {fileID: 5390173034849471222, guid: fffbea1cecd22d349b0c1794787a87ee, type: 3}
      propertyPath: m_LocalScale.x
      value: 2.371378
      objectReference: {fileID: 0}
    - target: {fileID: 5390173034849471222, guid: fffbea1cecd22d349b0c1794787a87ee, type: 3}
      propertyPath: m_LocalScale.y
      value: 2.2570777
      objectReference: {fileID: 0}
    - target: {fileID: 5390173034849471222, guid: fffbea1cecd22d349b0c1794787a87ee, type: 3}
      propertyPath: m_LocalScale.z
      value: 0.00009977741
      objectReference: {fileID: 0}
    - target: {fileID: 5390173034849471222, guid: fffbea1cecd22d349b0c1794787a87ee, type: 3}
      propertyPath: m_LocalPosition.x
      value: 0
      objectReference: {fileID: 0}
    - target: {fileID: 5390173034849471222, guid: fffbea1cecd22d349b0c1794787a87ee, type: 3}
      propertyPath: m_LocalPosition.y
      value: 1.3515
      objectReference: {fileID: 0}
    - target: {fileID: 5390173034849471222, guid: fffbea1cecd22d349b0c1794787a87ee, type: 3}
      propertyPath: m_LocalPosition.z
      value: 0.05
      objectReference: {fileID: 0}
    - target: {fileID: 5390173034849471222, guid: fffbea1cecd22d349b0c1794787a87ee, type: 3}
      propertyPath: m_LocalRotation.w
      value: 0
      objectReference: {fileID: 0}
    - target: {fileID: 5390173034849471222, guid: fffbea1cecd22d349b0c1794787a87ee, type: 3}
      propertyPath: m_LocalRotation.x
      value: -0
      objectReference: {fileID: 0}
    - target: {fileID: 5390173034849471222, guid: fffbea1cecd22d349b0c1794787a87ee, type: 3}
      propertyPath: m_LocalRotation.y
      value: 1
      objectReference: {fileID: 0}
    - target: {fileID: 5390173034849471222, guid: fffbea1cecd22d349b0c1794787a87ee, type: 3}
      propertyPath: m_LocalRotation.z
      value: -0
      objectReference: {fileID: 0}
    - target: {fileID: 5390173034849471222, guid: fffbea1cecd22d349b0c1794787a87ee, type: 3}
      propertyPath: m_LocalEulerAnglesHint.x
      value: 0
      objectReference: {fileID: 0}
    - target: {fileID: 5390173034849471222, guid: fffbea1cecd22d349b0c1794787a87ee, type: 3}
      propertyPath: m_LocalEulerAnglesHint.y
      value: 180
      objectReference: {fileID: 0}
    - target: {fileID: 5390173034849471222, guid: fffbea1cecd22d349b0c1794787a87ee, type: 3}
      propertyPath: m_LocalEulerAnglesHint.z
      value: 0
      objectReference: {fileID: 0}
    m_RemovedComponents: []
  m_SourcePrefab: {fileID: 100100000, guid: fffbea1cecd22d349b0c1794787a87ee, type: 3}
--- !u!1001 &1456128534993390402
PrefabInstance:
  m_ObjectHideFlags: 0
  serializedVersion: 2
  m_Modification:
    m_TransformParent: {fileID: 8337666017381900600}
    m_Modifications:
    - target: {fileID: 1957200297893356606, guid: 8215df2cc4a7fab409d9e67eee767219, type: 3}
      propertyPath: m_Name
      value: Level 13 (Football)
      objectReference: {fileID: 0}
    - target: {fileID: 1957200297893356606, guid: 8215df2cc4a7fab409d9e67eee767219, type: 3}
      propertyPath: m_IsActive
      value: 1
      objectReference: {fileID: 0}
    - target: {fileID: 1957200297893356607, guid: 8215df2cc4a7fab409d9e67eee767219, type: 3}
      propertyPath: m_RootOrder
      value: 2
      objectReference: {fileID: 0}
    - target: {fileID: 1957200297893356607, guid: 8215df2cc4a7fab409d9e67eee767219, type: 3}
      propertyPath: m_LocalPosition.x
      value: 0
      objectReference: {fileID: 0}
    - target: {fileID: 1957200297893356607, guid: 8215df2cc4a7fab409d9e67eee767219, type: 3}
      propertyPath: m_LocalPosition.y
      value: 0
      objectReference: {fileID: 0}
    - target: {fileID: 1957200297893356607, guid: 8215df2cc4a7fab409d9e67eee767219, type: 3}
      propertyPath: m_LocalPosition.z
      value: 0
      objectReference: {fileID: 0}
    - target: {fileID: 1957200297893356607, guid: 8215df2cc4a7fab409d9e67eee767219, type: 3}
      propertyPath: m_LocalRotation.w
      value: 1
      objectReference: {fileID: 0}
    - target: {fileID: 1957200297893356607, guid: 8215df2cc4a7fab409d9e67eee767219, type: 3}
      propertyPath: m_LocalRotation.x
      value: -0
      objectReference: {fileID: 0}
    - target: {fileID: 1957200297893356607, guid: 8215df2cc4a7fab409d9e67eee767219, type: 3}
      propertyPath: m_LocalRotation.y
      value: -0
      objectReference: {fileID: 0}
    - target: {fileID: 1957200297893356607, guid: 8215df2cc4a7fab409d9e67eee767219, type: 3}
      propertyPath: m_LocalRotation.z
      value: -0
      objectReference: {fileID: 0}
    - target: {fileID: 1957200297893356607, guid: 8215df2cc4a7fab409d9e67eee767219, type: 3}
      propertyPath: m_LocalEulerAnglesHint.x
      value: 0
      objectReference: {fileID: 0}
    - target: {fileID: 1957200297893356607, guid: 8215df2cc4a7fab409d9e67eee767219, type: 3}
      propertyPath: m_LocalEulerAnglesHint.y
      value: 0
      objectReference: {fileID: 0}
    - target: {fileID: 1957200297893356607, guid: 8215df2cc4a7fab409d9e67eee767219, type: 3}
      propertyPath: m_LocalEulerAnglesHint.z
      value: 0
      objectReference: {fileID: 0}
    - target: {fileID: 1957200299102290428, guid: 8215df2cc4a7fab409d9e67eee767219, type: 3}
      propertyPath: m_Camera
      value: 
      objectReference: {fileID: 0}
    - target: {fileID: 5901090571641265832, guid: 8215df2cc4a7fab409d9e67eee767219, type: 3}
      propertyPath: m_Mesh
      value: 
      objectReference: {fileID: 7412172492267239524, guid: 45b9efb3991e7a44e86da3dd5d9bb8d4, type: 3}
    - target: {fileID: 5901090571641265834, guid: 8215df2cc4a7fab409d9e67eee767219, type: 3}
      propertyPath: m_Mesh
      value: 
      objectReference: {fileID: 7412172492267239524, guid: 45b9efb3991e7a44e86da3dd5d9bb8d4, type: 3}
    - target: {fileID: 5901090571641265838, guid: 8215df2cc4a7fab409d9e67eee767219, type: 3}
      propertyPath: cooldown
      value: -186.89308
      objectReference: {fileID: 0}
    - target: {fileID: 5901090571641265838, guid: 8215df2cc4a7fab409d9e67eee767219, type: 3}
      propertyPath: maskMesh
      value: 
      objectReference: {fileID: 7412172492267239524, guid: 45b9efb3991e7a44e86da3dd5d9bb8d4, type: 3}
    - target: {fileID: 5901090571641265839, guid: 8215df2cc4a7fab409d9e67eee767219, type: 3}
      propertyPath: m_Name
      value: AcutePyramid
      objectReference: {fileID: 0}
    - target: {fileID: 5901090571641265839, guid: 8215df2cc4a7fab409d9e67eee767219, type: 3}
      propertyPath: m_IsActive
      value: 0
      objectReference: {fileID: 0}
    - target: {fileID: 5901090571641265879, guid: 8215df2cc4a7fab409d9e67eee767219, type: 3}
      propertyPath: m_LocalScale.x
      value: 2
      objectReference: {fileID: 0}
    - target: {fileID: 5901090571641265879, guid: 8215df2cc4a7fab409d9e67eee767219, type: 3}
      propertyPath: m_LocalScale.y
      value: 0.0001
      objectReference: {fileID: 0}
    - target: {fileID: 5901090571641265879, guid: 8215df2cc4a7fab409d9e67eee767219, type: 3}
      propertyPath: m_LocalScale.z
      value: 2
      objectReference: {fileID: 0}
    - target: {fileID: 5901090571641265879, guid: 8215df2cc4a7fab409d9e67eee767219, type: 3}
      propertyPath: m_LocalPosition.x
      value: -0.25
      objectReference: {fileID: 0}
    - target: {fileID: 5901090571641265879, guid: 8215df2cc4a7fab409d9e67eee767219, type: 3}
      propertyPath: m_LocalPosition.y
      value: 1.67
      objectReference: {fileID: 0}
    - target: {fileID: 5901090571641265879, guid: 8215df2cc4a7fab409d9e67eee767219, type: 3}
      propertyPath: m_LocalRotation.w
      value: -0.18301275
      objectReference: {fileID: 0}
    - target: {fileID: 5901090571641265879, guid: 8215df2cc4a7fab409d9e67eee767219, type: 3}
      propertyPath: m_LocalRotation.x
      value: 0.18301275
      objectReference: {fileID: 0}
    - target: {fileID: 5901090571641265879, guid: 8215df2cc4a7fab409d9e67eee767219, type: 3}
      propertyPath: m_LocalRotation.y
      value: 0.6830127
      objectReference: {fileID: 0}
    - target: {fileID: 5901090571641265879, guid: 8215df2cc4a7fab409d9e67eee767219, type: 3}
      propertyPath: m_LocalRotation.z
      value: -0.6830127
      objectReference: {fileID: 0}
    - target: {fileID: 5901090571641265879, guid: 8215df2cc4a7fab409d9e67eee767219, type: 3}
      propertyPath: m_LocalEulerAnglesHint.x
      value: 120
      objectReference: {fileID: 0}
    - target: {fileID: 5901090571641265879, guid: 8215df2cc4a7fab409d9e67eee767219, type: 3}
      propertyPath: m_LocalEulerAnglesHint.y
      value: 90
      objectReference: {fileID: 0}
    - target: {fileID: 5901090571641265879, guid: 8215df2cc4a7fab409d9e67eee767219, type: 3}
      propertyPath: m_LocalEulerAnglesHint.z
      value: -90
      objectReference: {fileID: 0}
    m_RemovedComponents:
    - {fileID: 0}
  m_SourcePrefab: {fileID: 100100000, guid: 8215df2cc4a7fab409d9e67eee767219, type: 3}
--- !u!4 &1088862295384108925 stripped
Transform:
  m_CorrespondingSourceObject: {fileID: 1957200297893356607, guid: 8215df2cc4a7fab409d9e67eee767219, type: 3}
  m_PrefabInstance: {fileID: 1456128534993390402}
  m_PrefabAsset: {fileID: 0}
--- !u!4 &1088862296005034548 stripped
Transform:
  m_CorrespondingSourceObject: {fileID: 1957200298210822518, guid: 8215df2cc4a7fab409d9e67eee767219, type: 3}
  m_PrefabInstance: {fileID: 1456128534993390402}
  m_PrefabAsset: {fileID: 0}
--- !u!1001 &1456128535112106430
PrefabInstance:
  m_ObjectHideFlags: 0
  serializedVersion: 2
  m_Modification:
    m_TransformParent: {fileID: 8337666017381900600}
    m_Modifications:
    - target: {fileID: 1957200297893356606, guid: 8215df2cc4a7fab409d9e67eee767219, type: 3}
      propertyPath: m_Name
      value: Level 13 (Badminton)
      objectReference: {fileID: 0}
    - target: {fileID: 1957200297893356606, guid: 8215df2cc4a7fab409d9e67eee767219, type: 3}
      propertyPath: m_IsActive
      value: 1
      objectReference: {fileID: 0}
    - target: {fileID: 1957200297893356607, guid: 8215df2cc4a7fab409d9e67eee767219, type: 3}
      propertyPath: m_RootOrder
      value: 1
      objectReference: {fileID: 0}
    - target: {fileID: 1957200297893356607, guid: 8215df2cc4a7fab409d9e67eee767219, type: 3}
      propertyPath: m_LocalPosition.x
      value: 0
      objectReference: {fileID: 0}
    - target: {fileID: 1957200297893356607, guid: 8215df2cc4a7fab409d9e67eee767219, type: 3}
      propertyPath: m_LocalPosition.y
      value: 0
      objectReference: {fileID: 0}
    - target: {fileID: 1957200297893356607, guid: 8215df2cc4a7fab409d9e67eee767219, type: 3}
      propertyPath: m_LocalPosition.z
      value: 0
      objectReference: {fileID: 0}
    - target: {fileID: 1957200297893356607, guid: 8215df2cc4a7fab409d9e67eee767219, type: 3}
      propertyPath: m_LocalRotation.w
      value: 1
      objectReference: {fileID: 0}
    - target: {fileID: 1957200297893356607, guid: 8215df2cc4a7fab409d9e67eee767219, type: 3}
      propertyPath: m_LocalRotation.x
      value: -0
      objectReference: {fileID: 0}
    - target: {fileID: 1957200297893356607, guid: 8215df2cc4a7fab409d9e67eee767219, type: 3}
      propertyPath: m_LocalRotation.y
      value: -0
      objectReference: {fileID: 0}
    - target: {fileID: 1957200297893356607, guid: 8215df2cc4a7fab409d9e67eee767219, type: 3}
      propertyPath: m_LocalRotation.z
      value: -0
      objectReference: {fileID: 0}
    - target: {fileID: 1957200297893356607, guid: 8215df2cc4a7fab409d9e67eee767219, type: 3}
      propertyPath: m_LocalEulerAnglesHint.x
      value: 0
      objectReference: {fileID: 0}
    - target: {fileID: 1957200297893356607, guid: 8215df2cc4a7fab409d9e67eee767219, type: 3}
      propertyPath: m_LocalEulerAnglesHint.y
      value: 0
      objectReference: {fileID: 0}
    - target: {fileID: 1957200297893356607, guid: 8215df2cc4a7fab409d9e67eee767219, type: 3}
      propertyPath: m_LocalEulerAnglesHint.z
      value: 0
      objectReference: {fileID: 0}
    - target: {fileID: 1957200299102290428, guid: 8215df2cc4a7fab409d9e67eee767219, type: 3}
      propertyPath: m_Camera
      value: 
      objectReference: {fileID: 0}
    - target: {fileID: 5901090571641265832, guid: 8215df2cc4a7fab409d9e67eee767219, type: 3}
      propertyPath: m_Mesh
      value: 
      objectReference: {fileID: 7412172492267239524, guid: 45b9efb3991e7a44e86da3dd5d9bb8d4, type: 3}
    - target: {fileID: 5901090571641265834, guid: 8215df2cc4a7fab409d9e67eee767219, type: 3}
      propertyPath: m_Mesh
      value: 
      objectReference: {fileID: 7412172492267239524, guid: 45b9efb3991e7a44e86da3dd5d9bb8d4, type: 3}
    - target: {fileID: 5901090571641265838, guid: 8215df2cc4a7fab409d9e67eee767219, type: 3}
      propertyPath: cooldown
      value: -186.89308
      objectReference: {fileID: 0}
    - target: {fileID: 5901090571641265838, guid: 8215df2cc4a7fab409d9e67eee767219, type: 3}
      propertyPath: maskMesh
      value: 
      objectReference: {fileID: 7412172492267239524, guid: 45b9efb3991e7a44e86da3dd5d9bb8d4, type: 3}
    - target: {fileID: 5901090571641265839, guid: 8215df2cc4a7fab409d9e67eee767219, type: 3}
      propertyPath: m_Name
      value: AcutePyramid
      objectReference: {fileID: 0}
    - target: {fileID: 5901090571641265839, guid: 8215df2cc4a7fab409d9e67eee767219, type: 3}
      propertyPath: m_IsActive
      value: 0
      objectReference: {fileID: 0}
    - target: {fileID: 5901090571641265879, guid: 8215df2cc4a7fab409d9e67eee767219, type: 3}
      propertyPath: m_LocalScale.x
      value: 2
      objectReference: {fileID: 0}
    - target: {fileID: 5901090571641265879, guid: 8215df2cc4a7fab409d9e67eee767219, type: 3}
      propertyPath: m_LocalScale.y
      value: 0.0001
      objectReference: {fileID: 0}
    - target: {fileID: 5901090571641265879, guid: 8215df2cc4a7fab409d9e67eee767219, type: 3}
      propertyPath: m_LocalScale.z
      value: 2
      objectReference: {fileID: 0}
    - target: {fileID: 5901090571641265879, guid: 8215df2cc4a7fab409d9e67eee767219, type: 3}
      propertyPath: m_LocalPosition.x
      value: -0.25
      objectReference: {fileID: 0}
    - target: {fileID: 5901090571641265879, guid: 8215df2cc4a7fab409d9e67eee767219, type: 3}
      propertyPath: m_LocalPosition.y
      value: 1.67
      objectReference: {fileID: 0}
    - target: {fileID: 5901090571641265879, guid: 8215df2cc4a7fab409d9e67eee767219, type: 3}
      propertyPath: m_LocalRotation.w
      value: -0.18301275
      objectReference: {fileID: 0}
    - target: {fileID: 5901090571641265879, guid: 8215df2cc4a7fab409d9e67eee767219, type: 3}
      propertyPath: m_LocalRotation.x
      value: 0.18301275
      objectReference: {fileID: 0}
    - target: {fileID: 5901090571641265879, guid: 8215df2cc4a7fab409d9e67eee767219, type: 3}
      propertyPath: m_LocalRotation.y
      value: 0.6830127
      objectReference: {fileID: 0}
    - target: {fileID: 5901090571641265879, guid: 8215df2cc4a7fab409d9e67eee767219, type: 3}
      propertyPath: m_LocalRotation.z
      value: -0.6830127
      objectReference: {fileID: 0}
    - target: {fileID: 5901090571641265879, guid: 8215df2cc4a7fab409d9e67eee767219, type: 3}
      propertyPath: m_LocalEulerAnglesHint.x
      value: 120
      objectReference: {fileID: 0}
    - target: {fileID: 5901090571641265879, guid: 8215df2cc4a7fab409d9e67eee767219, type: 3}
      propertyPath: m_LocalEulerAnglesHint.y
      value: 90
      objectReference: {fileID: 0}
    - target: {fileID: 5901090571641265879, guid: 8215df2cc4a7fab409d9e67eee767219, type: 3}
      propertyPath: m_LocalEulerAnglesHint.z
      value: -90
      objectReference: {fileID: 0}
    m_RemovedComponents:
    - {fileID: 0}
  m_SourcePrefab: {fileID: 100100000, guid: 8215df2cc4a7fab409d9e67eee767219, type: 3}
--- !u!4 &1088862295231178113 stripped
Transform:
  m_CorrespondingSourceObject: {fileID: 1957200297893356607, guid: 8215df2cc4a7fab409d9e67eee767219, type: 3}
  m_PrefabInstance: {fileID: 1456128535112106430}
  m_PrefabAsset: {fileID: 0}
--- !u!4 &1088862295616899272 stripped
Transform:
  m_CorrespondingSourceObject: {fileID: 1957200298210822518, guid: 8215df2cc4a7fab409d9e67eee767219, type: 3}
  m_PrefabInstance: {fileID: 1456128535112106430}
  m_PrefabAsset: {fileID: 0}
--- !u!1001 &1456128535338749193
PrefabInstance:
  m_ObjectHideFlags: 0
  serializedVersion: 2
  m_Modification:
    m_TransformParent: {fileID: 8337666017381900600}
    m_Modifications:
    - target: {fileID: 1957200297893356606, guid: 8215df2cc4a7fab409d9e67eee767219, type: 3}
      propertyPath: m_Name
      value: Level 13 (Hockey)
      objectReference: {fileID: 0}
    - target: {fileID: 1957200297893356606, guid: 8215df2cc4a7fab409d9e67eee767219, type: 3}
      propertyPath: m_IsActive
      value: 1
      objectReference: {fileID: 0}
    - target: {fileID: 1957200297893356607, guid: 8215df2cc4a7fab409d9e67eee767219, type: 3}
      propertyPath: m_RootOrder
      value: 5
      objectReference: {fileID: 0}
    - target: {fileID: 1957200297893356607, guid: 8215df2cc4a7fab409d9e67eee767219, type: 3}
      propertyPath: m_LocalPosition.x
      value: 0
      objectReference: {fileID: 0}
    - target: {fileID: 1957200297893356607, guid: 8215df2cc4a7fab409d9e67eee767219, type: 3}
      propertyPath: m_LocalPosition.y
      value: 0
      objectReference: {fileID: 0}
    - target: {fileID: 1957200297893356607, guid: 8215df2cc4a7fab409d9e67eee767219, type: 3}
      propertyPath: m_LocalPosition.z
      value: 0
      objectReference: {fileID: 0}
    - target: {fileID: 1957200297893356607, guid: 8215df2cc4a7fab409d9e67eee767219, type: 3}
      propertyPath: m_LocalRotation.w
      value: 1
      objectReference: {fileID: 0}
    - target: {fileID: 1957200297893356607, guid: 8215df2cc4a7fab409d9e67eee767219, type: 3}
      propertyPath: m_LocalRotation.x
      value: -0
      objectReference: {fileID: 0}
    - target: {fileID: 1957200297893356607, guid: 8215df2cc4a7fab409d9e67eee767219, type: 3}
      propertyPath: m_LocalRotation.y
      value: -0
      objectReference: {fileID: 0}
    - target: {fileID: 1957200297893356607, guid: 8215df2cc4a7fab409d9e67eee767219, type: 3}
      propertyPath: m_LocalRotation.z
      value: -0
      objectReference: {fileID: 0}
    - target: {fileID: 1957200297893356607, guid: 8215df2cc4a7fab409d9e67eee767219, type: 3}
      propertyPath: m_LocalEulerAnglesHint.x
      value: 0
      objectReference: {fileID: 0}
    - target: {fileID: 1957200297893356607, guid: 8215df2cc4a7fab409d9e67eee767219, type: 3}
      propertyPath: m_LocalEulerAnglesHint.y
      value: 0
      objectReference: {fileID: 0}
    - target: {fileID: 1957200297893356607, guid: 8215df2cc4a7fab409d9e67eee767219, type: 3}
      propertyPath: m_LocalEulerAnglesHint.z
      value: 0
      objectReference: {fileID: 0}
    - target: {fileID: 1957200299102290428, guid: 8215df2cc4a7fab409d9e67eee767219, type: 3}
      propertyPath: m_Camera
      value: 
      objectReference: {fileID: 0}
    - target: {fileID: 5901090571641265832, guid: 8215df2cc4a7fab409d9e67eee767219, type: 3}
      propertyPath: m_Mesh
      value: 
      objectReference: {fileID: 7412172492267239524, guid: 45b9efb3991e7a44e86da3dd5d9bb8d4, type: 3}
    - target: {fileID: 5901090571641265834, guid: 8215df2cc4a7fab409d9e67eee767219, type: 3}
      propertyPath: m_Mesh
      value: 
      objectReference: {fileID: 7412172492267239524, guid: 45b9efb3991e7a44e86da3dd5d9bb8d4, type: 3}
    - target: {fileID: 5901090571641265838, guid: 8215df2cc4a7fab409d9e67eee767219, type: 3}
      propertyPath: cooldown
      value: -186.89308
      objectReference: {fileID: 0}
    - target: {fileID: 5901090571641265838, guid: 8215df2cc4a7fab409d9e67eee767219, type: 3}
      propertyPath: maskMesh
      value: 
      objectReference: {fileID: 7412172492267239524, guid: 45b9efb3991e7a44e86da3dd5d9bb8d4, type: 3}
    - target: {fileID: 5901090571641265839, guid: 8215df2cc4a7fab409d9e67eee767219, type: 3}
      propertyPath: m_Name
      value: AcutePyramid
      objectReference: {fileID: 0}
    - target: {fileID: 5901090571641265839, guid: 8215df2cc4a7fab409d9e67eee767219, type: 3}
      propertyPath: m_IsActive
      value: 0
      objectReference: {fileID: 0}
    - target: {fileID: 5901090571641265879, guid: 8215df2cc4a7fab409d9e67eee767219, type: 3}
      propertyPath: m_LocalScale.x
      value: 2
      objectReference: {fileID: 0}
    - target: {fileID: 5901090571641265879, guid: 8215df2cc4a7fab409d9e67eee767219, type: 3}
      propertyPath: m_LocalScale.y
      value: 0.0001
      objectReference: {fileID: 0}
    - target: {fileID: 5901090571641265879, guid: 8215df2cc4a7fab409d9e67eee767219, type: 3}
      propertyPath: m_LocalScale.z
      value: 2
      objectReference: {fileID: 0}
    - target: {fileID: 5901090571641265879, guid: 8215df2cc4a7fab409d9e67eee767219, type: 3}
      propertyPath: m_LocalPosition.x
      value: -0.25
      objectReference: {fileID: 0}
    - target: {fileID: 5901090571641265879, guid: 8215df2cc4a7fab409d9e67eee767219, type: 3}
      propertyPath: m_LocalPosition.y
      value: 1.67
      objectReference: {fileID: 0}
    - target: {fileID: 5901090571641265879, guid: 8215df2cc4a7fab409d9e67eee767219, type: 3}
      propertyPath: m_LocalRotation.w
      value: -0.18301275
      objectReference: {fileID: 0}
    - target: {fileID: 5901090571641265879, guid: 8215df2cc4a7fab409d9e67eee767219, type: 3}
      propertyPath: m_LocalRotation.x
      value: 0.18301275
      objectReference: {fileID: 0}
    - target: {fileID: 5901090571641265879, guid: 8215df2cc4a7fab409d9e67eee767219, type: 3}
      propertyPath: m_LocalRotation.y
      value: 0.6830127
      objectReference: {fileID: 0}
    - target: {fileID: 5901090571641265879, guid: 8215df2cc4a7fab409d9e67eee767219, type: 3}
      propertyPath: m_LocalRotation.z
      value: -0.6830127
      objectReference: {fileID: 0}
    - target: {fileID: 5901090571641265879, guid: 8215df2cc4a7fab409d9e67eee767219, type: 3}
      propertyPath: m_LocalEulerAnglesHint.x
      value: 120
      objectReference: {fileID: 0}
    - target: {fileID: 5901090571641265879, guid: 8215df2cc4a7fab409d9e67eee767219, type: 3}
      propertyPath: m_LocalEulerAnglesHint.y
      value: 90
      objectReference: {fileID: 0}
    - target: {fileID: 5901090571641265879, guid: 8215df2cc4a7fab409d9e67eee767219, type: 3}
      propertyPath: m_LocalEulerAnglesHint.z
      value: -90
      objectReference: {fileID: 0}
    m_RemovedComponents:
    - {fileID: 0}
  m_SourcePrefab: {fileID: 100100000, guid: 8215df2cc4a7fab409d9e67eee767219, type: 3}
--- !u!4 &1088862296061897014 stripped
Transform:
  m_CorrespondingSourceObject: {fileID: 1957200297893356607, guid: 8215df2cc4a7fab409d9e67eee767219, type: 3}
  m_PrefabInstance: {fileID: 1456128535338749193}
  m_PrefabAsset: {fileID: 0}
--- !u!4 &1088862295306011775 stripped
Transform:
  m_CorrespondingSourceObject: {fileID: 1957200298210822518, guid: 8215df2cc4a7fab409d9e67eee767219, type: 3}
  m_PrefabInstance: {fileID: 1456128535338749193}
  m_PrefabAsset: {fileID: 0}
--- !u!1001 &1456128535386798692
PrefabInstance:
  m_ObjectHideFlags: 0
  serializedVersion: 2
  m_Modification:
    m_TransformParent: {fileID: 1088862296523666440}
    m_Modifications:
    - target: {fileID: 5390173034849471112, guid: fffbea1cecd22d349b0c1794787a87ee, type: 3}
      propertyPath: m_Materials.Array.data[0]
      value: 
      objectReference: {fileID: 2100000, guid: d6e0593bdb6c6644bbd6661adbac7e73, type: 2}
    - target: {fileID: 5390173034849471113, guid: fffbea1cecd22d349b0c1794787a87ee, type: 3}
      propertyPath: m_Mesh
      value: 
      objectReference: {fileID: 4300000, guid: 9784a602fdd6d7c4db8d79ca387861e3, type: 2}
    - target: {fileID: 5390173034849471115, guid: fffbea1cecd22d349b0c1794787a87ee, type: 3}
      propertyPath: m_Mesh
      value: 
      objectReference: {fileID: 4300000, guid: 9784a602fdd6d7c4db8d79ca387861e3, type: 2}
    - target: {fileID: 5390173034849471115, guid: fffbea1cecd22d349b0c1794787a87ee, type: 3}
      propertyPath: m_Convex
      value: 0
      objectReference: {fileID: 0}
    - target: {fileID: 5390173034849471116, guid: fffbea1cecd22d349b0c1794787a87ee, type: 3}
      propertyPath: width
      value: 2048
      objectReference: {fileID: 0}
    - target: {fileID: 5390173034849471116, guid: fffbea1cecd22d349b0c1794787a87ee, type: 3}
      propertyPath: height
      value: 2048
      objectReference: {fileID: 0}
    - target: {fileID: 5390173034849471118, guid: fffbea1cecd22d349b0c1794787a87ee, type: 3}
      propertyPath: m_Name
      value: Swimming
      objectReference: {fileID: 0}
    - target: {fileID: 5390173034849471118, guid: fffbea1cecd22d349b0c1794787a87ee, type: 3}
      propertyPath: m_IsActive
      value: 1
      objectReference: {fileID: 0}
    - target: {fileID: 5390173034849471119, guid: fffbea1cecd22d349b0c1794787a87ee, type: 3}
      propertyPath: cooldown
      value: -933.8949
      objectReference: {fileID: 0}
    - target: {fileID: 5390173034849471119, guid: fffbea1cecd22d349b0c1794787a87ee, type: 3}
      propertyPath: maskMesh
      value: 
      objectReference: {fileID: 4300000, guid: 9784a602fdd6d7c4db8d79ca387861e3, type: 2}
    - target: {fileID: 5390173034849471222, guid: fffbea1cecd22d349b0c1794787a87ee, type: 3}
      propertyPath: m_RootOrder
      value: 1
      objectReference: {fileID: 0}
    - target: {fileID: 5390173034849471222, guid: fffbea1cecd22d349b0c1794787a87ee, type: 3}
      propertyPath: m_LocalScale.x
      value: 2.0083702
      objectReference: {fileID: 0}
    - target: {fileID: 5390173034849471222, guid: fffbea1cecd22d349b0c1794787a87ee, type: 3}
      propertyPath: m_LocalScale.y
      value: 1.911567
      objectReference: {fileID: 0}
    - target: {fileID: 5390173034849471222, guid: fffbea1cecd22d349b0c1794787a87ee, type: 3}
      propertyPath: m_LocalScale.z
      value: 0.000084503605
      objectReference: {fileID: 0}
    - target: {fileID: 5390173034849471222, guid: fffbea1cecd22d349b0c1794787a87ee, type: 3}
      propertyPath: m_LocalPosition.x
      value: 0
      objectReference: {fileID: 0}
    - target: {fileID: 5390173034849471222, guid: fffbea1cecd22d349b0c1794787a87ee, type: 3}
      propertyPath: m_LocalPosition.y
      value: 1.3514
      objectReference: {fileID: 0}
    - target: {fileID: 5390173034849471222, guid: fffbea1cecd22d349b0c1794787a87ee, type: 3}
      propertyPath: m_LocalPosition.z
      value: 0.05
      objectReference: {fileID: 0}
    - target: {fileID: 5390173034849471222, guid: fffbea1cecd22d349b0c1794787a87ee, type: 3}
      propertyPath: m_LocalRotation.w
      value: 0
      objectReference: {fileID: 0}
    - target: {fileID: 5390173034849471222, guid: fffbea1cecd22d349b0c1794787a87ee, type: 3}
      propertyPath: m_LocalRotation.x
      value: -0
      objectReference: {fileID: 0}
    - target: {fileID: 5390173034849471222, guid: fffbea1cecd22d349b0c1794787a87ee, type: 3}
      propertyPath: m_LocalRotation.y
      value: 1
      objectReference: {fileID: 0}
    - target: {fileID: 5390173034849471222, guid: fffbea1cecd22d349b0c1794787a87ee, type: 3}
      propertyPath: m_LocalRotation.z
      value: -0
      objectReference: {fileID: 0}
    - target: {fileID: 5390173034849471222, guid: fffbea1cecd22d349b0c1794787a87ee, type: 3}
      propertyPath: m_LocalEulerAnglesHint.x
      value: 0
      objectReference: {fileID: 0}
    - target: {fileID: 5390173034849471222, guid: fffbea1cecd22d349b0c1794787a87ee, type: 3}
      propertyPath: m_LocalEulerAnglesHint.y
      value: 180
      objectReference: {fileID: 0}
    - target: {fileID: 5390173034849471222, guid: fffbea1cecd22d349b0c1794787a87ee, type: 3}
      propertyPath: m_LocalEulerAnglesHint.z
      value: 0
      objectReference: {fileID: 0}
    m_RemovedComponents: []
  m_SourcePrefab: {fileID: 100100000, guid: fffbea1cecd22d349b0c1794787a87ee, type: 3}
--- !u!1001 &1456128535558958092
PrefabInstance:
  m_ObjectHideFlags: 0
  serializedVersion: 2
  m_Modification:
    m_TransformParent: {fileID: 1088862295306011775}
    m_Modifications:
    - target: {fileID: 5390173034849471112, guid: fffbea1cecd22d349b0c1794787a87ee, type: 3}
      propertyPath: m_Materials.Array.data[0]
      value: 
      objectReference: {fileID: 2100000, guid: 310fcbd71c9181a42af3571c54ae0f85, type: 2}
    - target: {fileID: 5390173034849471113, guid: fffbea1cecd22d349b0c1794787a87ee, type: 3}
      propertyPath: m_Mesh
      value: 
      objectReference: {fileID: 4300000, guid: 278b2a398c2ded340973c3f1002633ca, type: 2}
    - target: {fileID: 5390173034849471115, guid: fffbea1cecd22d349b0c1794787a87ee, type: 3}
      propertyPath: m_Mesh
      value: 
      objectReference: {fileID: 4300000, guid: 278b2a398c2ded340973c3f1002633ca, type: 2}
    - target: {fileID: 5390173034849471115, guid: fffbea1cecd22d349b0c1794787a87ee, type: 3}
      propertyPath: m_Convex
      value: 0
      objectReference: {fileID: 0}
    - target: {fileID: 5390173034849471116, guid: fffbea1cecd22d349b0c1794787a87ee, type: 3}
      propertyPath: width
      value: 2048
      objectReference: {fileID: 0}
    - target: {fileID: 5390173034849471116, guid: fffbea1cecd22d349b0c1794787a87ee, type: 3}
      propertyPath: height
      value: 2048
      objectReference: {fileID: 0}
    - target: {fileID: 5390173034849471118, guid: fffbea1cecd22d349b0c1794787a87ee, type: 3}
      propertyPath: m_Name
      value: Hockey
      objectReference: {fileID: 0}
    - target: {fileID: 5390173034849471118, guid: fffbea1cecd22d349b0c1794787a87ee, type: 3}
      propertyPath: m_IsActive
      value: 1
      objectReference: {fileID: 0}
    - target: {fileID: 5390173034849471119, guid: fffbea1cecd22d349b0c1794787a87ee, type: 3}
      propertyPath: cooldown
      value: -940.17566
      objectReference: {fileID: 0}
    - target: {fileID: 5390173034849471119, guid: fffbea1cecd22d349b0c1794787a87ee, type: 3}
      propertyPath: maskMesh
      value: 
      objectReference: {fileID: 4300000, guid: 278b2a398c2ded340973c3f1002633ca, type: 2}
    - target: {fileID: 5390173034849471222, guid: fffbea1cecd22d349b0c1794787a87ee, type: 3}
      propertyPath: m_RootOrder
      value: 1
      objectReference: {fileID: 0}
    - target: {fileID: 5390173034849471222, guid: fffbea1cecd22d349b0c1794787a87ee, type: 3}
      propertyPath: m_LocalScale.x
      value: 2.0083702
      objectReference: {fileID: 0}
    - target: {fileID: 5390173034849471222, guid: fffbea1cecd22d349b0c1794787a87ee, type: 3}
      propertyPath: m_LocalScale.y
      value: 1.911567
      objectReference: {fileID: 0}
    - target: {fileID: 5390173034849471222, guid: fffbea1cecd22d349b0c1794787a87ee, type: 3}
      propertyPath: m_LocalScale.z
      value: 0.000084503605
      objectReference: {fileID: 0}
    - target: {fileID: 5390173034849471222, guid: fffbea1cecd22d349b0c1794787a87ee, type: 3}
      propertyPath: m_LocalPosition.x
      value: 0
      objectReference: {fileID: 0}
    - target: {fileID: 5390173034849471222, guid: fffbea1cecd22d349b0c1794787a87ee, type: 3}
      propertyPath: m_LocalPosition.y
      value: 1.3514
      objectReference: {fileID: 0}
    - target: {fileID: 5390173034849471222, guid: fffbea1cecd22d349b0c1794787a87ee, type: 3}
      propertyPath: m_LocalPosition.z
      value: 0.05
      objectReference: {fileID: 0}
    - target: {fileID: 5390173034849471222, guid: fffbea1cecd22d349b0c1794787a87ee, type: 3}
      propertyPath: m_LocalRotation.w
      value: 0
      objectReference: {fileID: 0}
    - target: {fileID: 5390173034849471222, guid: fffbea1cecd22d349b0c1794787a87ee, type: 3}
      propertyPath: m_LocalRotation.x
      value: -0
      objectReference: {fileID: 0}
    - target: {fileID: 5390173034849471222, guid: fffbea1cecd22d349b0c1794787a87ee, type: 3}
      propertyPath: m_LocalRotation.y
      value: 1
      objectReference: {fileID: 0}
    - target: {fileID: 5390173034849471222, guid: fffbea1cecd22d349b0c1794787a87ee, type: 3}
      propertyPath: m_LocalRotation.z
      value: -0
      objectReference: {fileID: 0}
    - target: {fileID: 5390173034849471222, guid: fffbea1cecd22d349b0c1794787a87ee, type: 3}
      propertyPath: m_LocalEulerAnglesHint.x
      value: 0
      objectReference: {fileID: 0}
    - target: {fileID: 5390173034849471222, guid: fffbea1cecd22d349b0c1794787a87ee, type: 3}
      propertyPath: m_LocalEulerAnglesHint.y
      value: 180
      objectReference: {fileID: 0}
    - target: {fileID: 5390173034849471222, guid: fffbea1cecd22d349b0c1794787a87ee, type: 3}
      propertyPath: m_LocalEulerAnglesHint.z
      value: 0
      objectReference: {fileID: 0}
    m_RemovedComponents: []
  m_SourcePrefab: {fileID: 100100000, guid: fffbea1cecd22d349b0c1794787a87ee, type: 3}
--- !u!1001 &1456128535590762219
PrefabInstance:
  m_ObjectHideFlags: 0
  serializedVersion: 2
  m_Modification:
    m_TransformParent: {fileID: 1088862296574760431}
    m_Modifications:
    - target: {fileID: 5390173034849471112, guid: fffbea1cecd22d349b0c1794787a87ee, type: 3}
      propertyPath: m_Materials.Array.data[0]
      value: 
      objectReference: {fileID: 2100000, guid: 3aa0e1c9c6b38544b97cc77db03b6e31, type: 2}
    - target: {fileID: 5390173034849471113, guid: fffbea1cecd22d349b0c1794787a87ee, type: 3}
      propertyPath: m_Mesh
      value: 
      objectReference: {fileID: 4300000, guid: c2f25185de6a6d94e9983d15dab694aa, type: 2}
    - target: {fileID: 5390173034849471115, guid: fffbea1cecd22d349b0c1794787a87ee, type: 3}
      propertyPath: m_Mesh
      value: 
      objectReference: {fileID: 4300000, guid: c2f25185de6a6d94e9983d15dab694aa, type: 2}
    - target: {fileID: 5390173034849471115, guid: fffbea1cecd22d349b0c1794787a87ee, type: 3}
      propertyPath: m_Convex
      value: 0
      objectReference: {fileID: 0}
    - target: {fileID: 5390173034849471116, guid: fffbea1cecd22d349b0c1794787a87ee, type: 3}
      propertyPath: width
      value: 2048
      objectReference: {fileID: 0}
    - target: {fileID: 5390173034849471116, guid: fffbea1cecd22d349b0c1794787a87ee, type: 3}
      propertyPath: height
      value: 2048
      objectReference: {fileID: 0}
    - target: {fileID: 5390173034849471118, guid: fffbea1cecd22d349b0c1794787a87ee, type: 3}
      propertyPath: m_Name
      value: Handball
      objectReference: {fileID: 0}
    - target: {fileID: 5390173034849471118, guid: fffbea1cecd22d349b0c1794787a87ee, type: 3}
      propertyPath: m_IsActive
      value: 1
      objectReference: {fileID: 0}
    - target: {fileID: 5390173034849471119, guid: fffbea1cecd22d349b0c1794787a87ee, type: 3}
      propertyPath: cooldown
      value: -947.09454
      objectReference: {fileID: 0}
    - target: {fileID: 5390173034849471119, guid: fffbea1cecd22d349b0c1794787a87ee, type: 3}
      propertyPath: maskMesh
      value: 
      objectReference: {fileID: 4300000, guid: c2f25185de6a6d94e9983d15dab694aa, type: 2}
    - target: {fileID: 5390173034849471222, guid: fffbea1cecd22d349b0c1794787a87ee, type: 3}
      propertyPath: m_RootOrder
      value: 1
      objectReference: {fileID: 0}
    - target: {fileID: 5390173034849471222, guid: fffbea1cecd22d349b0c1794787a87ee, type: 3}
      propertyPath: m_LocalScale.x
      value: 2.0453918
      objectReference: {fileID: 0}
    - target: {fileID: 5390173034849471222, guid: fffbea1cecd22d349b0c1794787a87ee, type: 3}
      propertyPath: m_LocalScale.y
      value: 1.9468042
      objectReference: {fileID: 0}
    - target: {fileID: 5390173034849471222, guid: fffbea1cecd22d349b0c1794787a87ee, type: 3}
      propertyPath: m_LocalScale.z
      value: 0.000086061315
      objectReference: {fileID: 0}
    - target: {fileID: 5390173034849471222, guid: fffbea1cecd22d349b0c1794787a87ee, type: 3}
      propertyPath: m_LocalPosition.x
      value: 0
      objectReference: {fileID: 0}
    - target: {fileID: 5390173034849471222, guid: fffbea1cecd22d349b0c1794787a87ee, type: 3}
      propertyPath: m_LocalPosition.y
      value: 1.369
      objectReference: {fileID: 0}
    - target: {fileID: 5390173034849471222, guid: fffbea1cecd22d349b0c1794787a87ee, type: 3}
      propertyPath: m_LocalPosition.z
      value: 0.05
      objectReference: {fileID: 0}
    - target: {fileID: 5390173034849471222, guid: fffbea1cecd22d349b0c1794787a87ee, type: 3}
      propertyPath: m_LocalRotation.w
      value: 0
      objectReference: {fileID: 0}
    - target: {fileID: 5390173034849471222, guid: fffbea1cecd22d349b0c1794787a87ee, type: 3}
      propertyPath: m_LocalRotation.x
      value: -0
      objectReference: {fileID: 0}
    - target: {fileID: 5390173034849471222, guid: fffbea1cecd22d349b0c1794787a87ee, type: 3}
      propertyPath: m_LocalRotation.y
      value: 1
      objectReference: {fileID: 0}
    - target: {fileID: 5390173034849471222, guid: fffbea1cecd22d349b0c1794787a87ee, type: 3}
      propertyPath: m_LocalRotation.z
      value: -0
      objectReference: {fileID: 0}
    - target: {fileID: 5390173034849471222, guid: fffbea1cecd22d349b0c1794787a87ee, type: 3}
      propertyPath: m_LocalEulerAnglesHint.x
      value: 0
      objectReference: {fileID: 0}
    - target: {fileID: 5390173034849471222, guid: fffbea1cecd22d349b0c1794787a87ee, type: 3}
      propertyPath: m_LocalEulerAnglesHint.y
      value: 180
      objectReference: {fileID: 0}
    - target: {fileID: 5390173034849471222, guid: fffbea1cecd22d349b0c1794787a87ee, type: 3}
      propertyPath: m_LocalEulerAnglesHint.z
      value: 0
      objectReference: {fileID: 0}
    m_RemovedComponents: []
  m_SourcePrefab: {fileID: 100100000, guid: fffbea1cecd22d349b0c1794787a87ee, type: 3}
--- !u!1001 &1456128535841776559
PrefabInstance:
  m_ObjectHideFlags: 0
  serializedVersion: 2
  m_Modification:
    m_TransformParent: {fileID: 8337666017381900600}
    m_Modifications:
    - target: {fileID: 1957200297893356606, guid: 8215df2cc4a7fab409d9e67eee767219, type: 3}
      propertyPath: m_Name
      value: Level 13 (Cycling)
      objectReference: {fileID: 0}
    - target: {fileID: 1957200297893356606, guid: 8215df2cc4a7fab409d9e67eee767219, type: 3}
      propertyPath: m_IsActive
      value: 1
      objectReference: {fileID: 0}
    - target: {fileID: 1957200297893356607, guid: 8215df2cc4a7fab409d9e67eee767219, type: 3}
      propertyPath: m_RootOrder
      value: 4
      objectReference: {fileID: 0}
    - target: {fileID: 1957200297893356607, guid: 8215df2cc4a7fab409d9e67eee767219, type: 3}
      propertyPath: m_LocalPosition.x
      value: 0
      objectReference: {fileID: 0}
    - target: {fileID: 1957200297893356607, guid: 8215df2cc4a7fab409d9e67eee767219, type: 3}
      propertyPath: m_LocalPosition.y
      value: 0
      objectReference: {fileID: 0}
    - target: {fileID: 1957200297893356607, guid: 8215df2cc4a7fab409d9e67eee767219, type: 3}
      propertyPath: m_LocalPosition.z
      value: 0
      objectReference: {fileID: 0}
    - target: {fileID: 1957200297893356607, guid: 8215df2cc4a7fab409d9e67eee767219, type: 3}
      propertyPath: m_LocalRotation.w
      value: 1
      objectReference: {fileID: 0}
    - target: {fileID: 1957200297893356607, guid: 8215df2cc4a7fab409d9e67eee767219, type: 3}
      propertyPath: m_LocalRotation.x
      value: -0
      objectReference: {fileID: 0}
    - target: {fileID: 1957200297893356607, guid: 8215df2cc4a7fab409d9e67eee767219, type: 3}
      propertyPath: m_LocalRotation.y
      value: -0
      objectReference: {fileID: 0}
    - target: {fileID: 1957200297893356607, guid: 8215df2cc4a7fab409d9e67eee767219, type: 3}
      propertyPath: m_LocalRotation.z
      value: -0
      objectReference: {fileID: 0}
    - target: {fileID: 1957200297893356607, guid: 8215df2cc4a7fab409d9e67eee767219, type: 3}
      propertyPath: m_LocalEulerAnglesHint.x
      value: 0
      objectReference: {fileID: 0}
    - target: {fileID: 1957200297893356607, guid: 8215df2cc4a7fab409d9e67eee767219, type: 3}
      propertyPath: m_LocalEulerAnglesHint.y
      value: 0
      objectReference: {fileID: 0}
    - target: {fileID: 1957200297893356607, guid: 8215df2cc4a7fab409d9e67eee767219, type: 3}
      propertyPath: m_LocalEulerAnglesHint.z
      value: 0
      objectReference: {fileID: 0}
    - target: {fileID: 1957200299102290428, guid: 8215df2cc4a7fab409d9e67eee767219, type: 3}
      propertyPath: m_Camera
      value: 
      objectReference: {fileID: 0}
    - target: {fileID: 5901090571641265832, guid: 8215df2cc4a7fab409d9e67eee767219, type: 3}
      propertyPath: m_Mesh
      value: 
      objectReference: {fileID: 7412172492267239524, guid: 45b9efb3991e7a44e86da3dd5d9bb8d4, type: 3}
    - target: {fileID: 5901090571641265834, guid: 8215df2cc4a7fab409d9e67eee767219, type: 3}
      propertyPath: m_Mesh
      value: 
      objectReference: {fileID: 7412172492267239524, guid: 45b9efb3991e7a44e86da3dd5d9bb8d4, type: 3}
    - target: {fileID: 5901090571641265838, guid: 8215df2cc4a7fab409d9e67eee767219, type: 3}
      propertyPath: cooldown
      value: -186.89308
      objectReference: {fileID: 0}
    - target: {fileID: 5901090571641265838, guid: 8215df2cc4a7fab409d9e67eee767219, type: 3}
      propertyPath: maskMesh
      value: 
      objectReference: {fileID: 7412172492267239524, guid: 45b9efb3991e7a44e86da3dd5d9bb8d4, type: 3}
    - target: {fileID: 5901090571641265839, guid: 8215df2cc4a7fab409d9e67eee767219, type: 3}
      propertyPath: m_Name
      value: AcutePyramid
      objectReference: {fileID: 0}
    - target: {fileID: 5901090571641265839, guid: 8215df2cc4a7fab409d9e67eee767219, type: 3}
      propertyPath: m_IsActive
      value: 0
      objectReference: {fileID: 0}
    - target: {fileID: 5901090571641265879, guid: 8215df2cc4a7fab409d9e67eee767219, type: 3}
      propertyPath: m_LocalScale.x
      value: 2
      objectReference: {fileID: 0}
    - target: {fileID: 5901090571641265879, guid: 8215df2cc4a7fab409d9e67eee767219, type: 3}
      propertyPath: m_LocalScale.y
      value: 0.0001
      objectReference: {fileID: 0}
    - target: {fileID: 5901090571641265879, guid: 8215df2cc4a7fab409d9e67eee767219, type: 3}
      propertyPath: m_LocalScale.z
      value: 2
      objectReference: {fileID: 0}
    - target: {fileID: 5901090571641265879, guid: 8215df2cc4a7fab409d9e67eee767219, type: 3}
      propertyPath: m_LocalPosition.x
      value: -0.25
      objectReference: {fileID: 0}
    - target: {fileID: 5901090571641265879, guid: 8215df2cc4a7fab409d9e67eee767219, type: 3}
      propertyPath: m_LocalPosition.y
      value: 1.67
      objectReference: {fileID: 0}
    - target: {fileID: 5901090571641265879, guid: 8215df2cc4a7fab409d9e67eee767219, type: 3}
      propertyPath: m_LocalRotation.w
      value: -0.18301275
      objectReference: {fileID: 0}
    - target: {fileID: 5901090571641265879, guid: 8215df2cc4a7fab409d9e67eee767219, type: 3}
      propertyPath: m_LocalRotation.x
      value: 0.18301275
      objectReference: {fileID: 0}
    - target: {fileID: 5901090571641265879, guid: 8215df2cc4a7fab409d9e67eee767219, type: 3}
      propertyPath: m_LocalRotation.y
      value: 0.6830127
      objectReference: {fileID: 0}
    - target: {fileID: 5901090571641265879, guid: 8215df2cc4a7fab409d9e67eee767219, type: 3}
      propertyPath: m_LocalRotation.z
      value: -0.6830127
      objectReference: {fileID: 0}
    - target: {fileID: 5901090571641265879, guid: 8215df2cc4a7fab409d9e67eee767219, type: 3}
      propertyPath: m_LocalEulerAnglesHint.x
      value: 120
      objectReference: {fileID: 0}
    - target: {fileID: 5901090571641265879, guid: 8215df2cc4a7fab409d9e67eee767219, type: 3}
      propertyPath: m_LocalEulerAnglesHint.y
      value: 90
      objectReference: {fileID: 0}
    - target: {fileID: 5901090571641265879, guid: 8215df2cc4a7fab409d9e67eee767219, type: 3}
      propertyPath: m_LocalEulerAnglesHint.z
      value: -90
      objectReference: {fileID: 0}
    m_RemovedComponents:
    - {fileID: 0}
  m_SourcePrefab: {fileID: 100100000, guid: 8215df2cc4a7fab409d9e67eee767219, type: 3}
--- !u!4 &1088862295558211472 stripped
Transform:
  m_CorrespondingSourceObject: {fileID: 1957200297893356607, guid: 8215df2cc4a7fab409d9e67eee767219, type: 3}
  m_PrefabInstance: {fileID: 1456128535841776559}
  m_PrefabAsset: {fileID: 0}
--- !u!4 &1088862295272827609 stripped
Transform:
  m_CorrespondingSourceObject: {fileID: 1957200298210822518, guid: 8215df2cc4a7fab409d9e67eee767219, type: 3}
  m_PrefabInstance: {fileID: 1456128535841776559}
  m_PrefabAsset: {fileID: 0}
--- !u!1001 &1456128536556273022
PrefabInstance:
  m_ObjectHideFlags: 0
  serializedVersion: 2
  m_Modification:
    m_TransformParent: {fileID: 8337666017381900600}
    m_Modifications:
    - target: {fileID: 1957200297893356606, guid: 8215df2cc4a7fab409d9e67eee767219, type: 3}
      propertyPath: m_Name
      value: Level 13 (Swimming)
      objectReference: {fileID: 0}
    - target: {fileID: 1957200297893356606, guid: 8215df2cc4a7fab409d9e67eee767219, type: 3}
      propertyPath: m_IsActive
      value: 1
      objectReference: {fileID: 0}
    - target: {fileID: 1957200297893356607, guid: 8215df2cc4a7fab409d9e67eee767219, type: 3}
      propertyPath: m_RootOrder
      value: 0
      objectReference: {fileID: 0}
    - target: {fileID: 1957200297893356607, guid: 8215df2cc4a7fab409d9e67eee767219, type: 3}
      propertyPath: m_LocalPosition.x
      value: 0
      objectReference: {fileID: 0}
    - target: {fileID: 1957200297893356607, guid: 8215df2cc4a7fab409d9e67eee767219, type: 3}
      propertyPath: m_LocalPosition.y
      value: 0
      objectReference: {fileID: 0}
    - target: {fileID: 1957200297893356607, guid: 8215df2cc4a7fab409d9e67eee767219, type: 3}
      propertyPath: m_LocalPosition.z
      value: 0
      objectReference: {fileID: 0}
    - target: {fileID: 1957200297893356607, guid: 8215df2cc4a7fab409d9e67eee767219, type: 3}
      propertyPath: m_LocalRotation.w
      value: 1
      objectReference: {fileID: 0}
    - target: {fileID: 1957200297893356607, guid: 8215df2cc4a7fab409d9e67eee767219, type: 3}
      propertyPath: m_LocalRotation.x
      value: -0
      objectReference: {fileID: 0}
    - target: {fileID: 1957200297893356607, guid: 8215df2cc4a7fab409d9e67eee767219, type: 3}
      propertyPath: m_LocalRotation.y
      value: -0
      objectReference: {fileID: 0}
    - target: {fileID: 1957200297893356607, guid: 8215df2cc4a7fab409d9e67eee767219, type: 3}
      propertyPath: m_LocalRotation.z
      value: -0
      objectReference: {fileID: 0}
    - target: {fileID: 1957200297893356607, guid: 8215df2cc4a7fab409d9e67eee767219, type: 3}
      propertyPath: m_LocalEulerAnglesHint.x
      value: 0
      objectReference: {fileID: 0}
    - target: {fileID: 1957200297893356607, guid: 8215df2cc4a7fab409d9e67eee767219, type: 3}
      propertyPath: m_LocalEulerAnglesHint.y
      value: 0
      objectReference: {fileID: 0}
    - target: {fileID: 1957200297893356607, guid: 8215df2cc4a7fab409d9e67eee767219, type: 3}
      propertyPath: m_LocalEulerAnglesHint.z
      value: 0
      objectReference: {fileID: 0}
    - target: {fileID: 1957200299102290428, guid: 8215df2cc4a7fab409d9e67eee767219, type: 3}
      propertyPath: m_Camera
      value: 
      objectReference: {fileID: 0}
    - target: {fileID: 5901090571641265832, guid: 8215df2cc4a7fab409d9e67eee767219, type: 3}
      propertyPath: m_Mesh
      value: 
      objectReference: {fileID: 7412172492267239524, guid: 45b9efb3991e7a44e86da3dd5d9bb8d4, type: 3}
    - target: {fileID: 5901090571641265834, guid: 8215df2cc4a7fab409d9e67eee767219, type: 3}
      propertyPath: m_Mesh
      value: 
      objectReference: {fileID: 7412172492267239524, guid: 45b9efb3991e7a44e86da3dd5d9bb8d4, type: 3}
    - target: {fileID: 5901090571641265838, guid: 8215df2cc4a7fab409d9e67eee767219, type: 3}
      propertyPath: cooldown
      value: -186.89308
      objectReference: {fileID: 0}
    - target: {fileID: 5901090571641265838, guid: 8215df2cc4a7fab409d9e67eee767219, type: 3}
      propertyPath: maskMesh
      value: 
      objectReference: {fileID: 7412172492267239524, guid: 45b9efb3991e7a44e86da3dd5d9bb8d4, type: 3}
    - target: {fileID: 5901090571641265839, guid: 8215df2cc4a7fab409d9e67eee767219, type: 3}
      propertyPath: m_Name
      value: AcutePyramid
      objectReference: {fileID: 0}
    - target: {fileID: 5901090571641265839, guid: 8215df2cc4a7fab409d9e67eee767219, type: 3}
      propertyPath: m_IsActive
      value: 0
      objectReference: {fileID: 0}
    - target: {fileID: 5901090571641265879, guid: 8215df2cc4a7fab409d9e67eee767219, type: 3}
      propertyPath: m_LocalScale.x
      value: 2
      objectReference: {fileID: 0}
    - target: {fileID: 5901090571641265879, guid: 8215df2cc4a7fab409d9e67eee767219, type: 3}
      propertyPath: m_LocalScale.y
      value: 0.0001
      objectReference: {fileID: 0}
    - target: {fileID: 5901090571641265879, guid: 8215df2cc4a7fab409d9e67eee767219, type: 3}
      propertyPath: m_LocalScale.z
      value: 2
      objectReference: {fileID: 0}
    - target: {fileID: 5901090571641265879, guid: 8215df2cc4a7fab409d9e67eee767219, type: 3}
      propertyPath: m_LocalPosition.x
      value: -0.25
      objectReference: {fileID: 0}
    - target: {fileID: 5901090571641265879, guid: 8215df2cc4a7fab409d9e67eee767219, type: 3}
      propertyPath: m_LocalPosition.y
      value: 1.67
      objectReference: {fileID: 0}
    - target: {fileID: 5901090571641265879, guid: 8215df2cc4a7fab409d9e67eee767219, type: 3}
      propertyPath: m_LocalRotation.w
      value: -0.18301275
      objectReference: {fileID: 0}
    - target: {fileID: 5901090571641265879, guid: 8215df2cc4a7fab409d9e67eee767219, type: 3}
      propertyPath: m_LocalRotation.x
      value: 0.18301275
      objectReference: {fileID: 0}
    - target: {fileID: 5901090571641265879, guid: 8215df2cc4a7fab409d9e67eee767219, type: 3}
      propertyPath: m_LocalRotation.y
      value: 0.6830127
      objectReference: {fileID: 0}
    - target: {fileID: 5901090571641265879, guid: 8215df2cc4a7fab409d9e67eee767219, type: 3}
      propertyPath: m_LocalRotation.z
      value: -0.6830127
      objectReference: {fileID: 0}
    - target: {fileID: 5901090571641265879, guid: 8215df2cc4a7fab409d9e67eee767219, type: 3}
      propertyPath: m_LocalEulerAnglesHint.x
      value: 120
      objectReference: {fileID: 0}
    - target: {fileID: 5901090571641265879, guid: 8215df2cc4a7fab409d9e67eee767219, type: 3}
      propertyPath: m_LocalEulerAnglesHint.y
      value: 90
      objectReference: {fileID: 0}
    - target: {fileID: 5901090571641265879, guid: 8215df2cc4a7fab409d9e67eee767219, type: 3}
      propertyPath: m_LocalEulerAnglesHint.z
      value: -90
      objectReference: {fileID: 0}
    m_RemovedComponents:
    - {fileID: 0}
  m_SourcePrefab: {fileID: 100100000, guid: 8215df2cc4a7fab409d9e67eee767219, type: 3}
--- !u!4 &1088862297008773441 stripped
Transform:
  m_CorrespondingSourceObject: {fileID: 1957200297893356607, guid: 8215df2cc4a7fab409d9e67eee767219, type: 3}
  m_PrefabInstance: {fileID: 1456128536556273022}
  m_PrefabAsset: {fileID: 0}
--- !u!4 &1088862296523666440 stripped
Transform:
  m_CorrespondingSourceObject: {fileID: 1957200298210822518, guid: 8215df2cc4a7fab409d9e67eee767219, type: 3}
  m_PrefabInstance: {fileID: 1456128536556273022}
  m_PrefabAsset: {fileID: 0}
--- !u!1001 &1456128536560937531
PrefabInstance:
  m_ObjectHideFlags: 0
  serializedVersion: 2
  m_Modification:
    m_TransformParent: {fileID: 1088862296005034548}
    m_Modifications:
    - target: {fileID: 5390173034849471112, guid: fffbea1cecd22d349b0c1794787a87ee, type: 3}
      propertyPath: m_Materials.Array.data[0]
      value: 
      objectReference: {fileID: 2100000, guid: d8eabf382efb2924c8effdd94d7687a5, type: 2}
    - target: {fileID: 5390173034849471113, guid: fffbea1cecd22d349b0c1794787a87ee, type: 3}
      propertyPath: m_Mesh
      value: 
      objectReference: {fileID: 4300000, guid: 42d78f0bf698bf942b465fbe59569f86, type: 2}
    - target: {fileID: 5390173034849471115, guid: fffbea1cecd22d349b0c1794787a87ee, type: 3}
      propertyPath: m_Mesh
      value: 
      objectReference: {fileID: 4300000, guid: 42d78f0bf698bf942b465fbe59569f86, type: 2}
    - target: {fileID: 5390173034849471115, guid: fffbea1cecd22d349b0c1794787a87ee, type: 3}
      propertyPath: m_Convex
      value: 0
      objectReference: {fileID: 0}
    - target: {fileID: 5390173034849471116, guid: fffbea1cecd22d349b0c1794787a87ee, type: 3}
      propertyPath: width
      value: 2048
      objectReference: {fileID: 0}
    - target: {fileID: 5390173034849471116, guid: fffbea1cecd22d349b0c1794787a87ee, type: 3}
      propertyPath: height
      value: 2048
      objectReference: {fileID: 0}
    - target: {fileID: 5390173034849471118, guid: fffbea1cecd22d349b0c1794787a87ee, type: 3}
      propertyPath: m_Name
      value: Football
      objectReference: {fileID: 0}
    - target: {fileID: 5390173034849471118, guid: fffbea1cecd22d349b0c1794787a87ee, type: 3}
      propertyPath: m_IsActive
      value: 1
      objectReference: {fileID: 0}
    - target: {fileID: 5390173034849471119, guid: fffbea1cecd22d349b0c1794787a87ee, type: 3}
      propertyPath: cooldown
      value: -956.3285
      objectReference: {fileID: 0}
    - target: {fileID: 5390173034849471119, guid: fffbea1cecd22d349b0c1794787a87ee, type: 3}
      propertyPath: maskMesh
      value: 
      objectReference: {fileID: 4300000, guid: 42d78f0bf698bf942b465fbe59569f86, type: 2}
    - target: {fileID: 5390173034849471222, guid: fffbea1cecd22d349b0c1794787a87ee, type: 3}
      propertyPath: m_RootOrder
      value: 1
      objectReference: {fileID: 0}
    - target: {fileID: 5390173034849471222, guid: fffbea1cecd22d349b0c1794787a87ee, type: 3}
      propertyPath: m_LocalScale.x
      value: 1.8463548
      objectReference: {fileID: 0}
    - target: {fileID: 5390173034849471222, guid: fffbea1cecd22d349b0c1794787a87ee, type: 3}
      propertyPath: m_LocalScale.y
      value: 1.7573607
      objectReference: {fileID: 0}
    - target: {fileID: 5390173034849471222, guid: fffbea1cecd22d349b0c1794787a87ee, type: 3}
      propertyPath: m_LocalScale.z
      value: 0.00007768669
      objectReference: {fileID: 0}
    - target: {fileID: 5390173034849471222, guid: fffbea1cecd22d349b0c1794787a87ee, type: 3}
      propertyPath: m_LocalPosition.x
      value: 0
      objectReference: {fileID: 0}
    - target: {fileID: 5390173034849471222, guid: fffbea1cecd22d349b0c1794787a87ee, type: 3}
      propertyPath: m_LocalPosition.y
      value: 1.299
      objectReference: {fileID: 0}
    - target: {fileID: 5390173034849471222, guid: fffbea1cecd22d349b0c1794787a87ee, type: 3}
      propertyPath: m_LocalPosition.z
      value: 0.05
      objectReference: {fileID: 0}
    - target: {fileID: 5390173034849471222, guid: fffbea1cecd22d349b0c1794787a87ee, type: 3}
      propertyPath: m_LocalRotation.w
      value: 0
      objectReference: {fileID: 0}
    - target: {fileID: 5390173034849471222, guid: fffbea1cecd22d349b0c1794787a87ee, type: 3}
      propertyPath: m_LocalRotation.x
      value: -0
      objectReference: {fileID: 0}
    - target: {fileID: 5390173034849471222, guid: fffbea1cecd22d349b0c1794787a87ee, type: 3}
      propertyPath: m_LocalRotation.y
      value: 1
      objectReference: {fileID: 0}
    - target: {fileID: 5390173034849471222, guid: fffbea1cecd22d349b0c1794787a87ee, type: 3}
      propertyPath: m_LocalRotation.z
      value: -0
      objectReference: {fileID: 0}
    - target: {fileID: 5390173034849471222, guid: fffbea1cecd22d349b0c1794787a87ee, type: 3}
      propertyPath: m_LocalEulerAnglesHint.x
      value: 0
      objectReference: {fileID: 0}
    - target: {fileID: 5390173034849471222, guid: fffbea1cecd22d349b0c1794787a87ee, type: 3}
      propertyPath: m_LocalEulerAnglesHint.y
      value: 180
      objectReference: {fileID: 0}
    - target: {fileID: 5390173034849471222, guid: fffbea1cecd22d349b0c1794787a87ee, type: 3}
      propertyPath: m_LocalEulerAnglesHint.z
      value: 0
      objectReference: {fileID: 0}
    m_RemovedComponents: []
  m_SourcePrefab: {fileID: 100100000, guid: fffbea1cecd22d349b0c1794787a87ee, type: 3}
--- !u!1001 &1456128536636202137
PrefabInstance:
  m_ObjectHideFlags: 0
  serializedVersion: 2
  m_Modification:
    m_TransformParent: {fileID: 8337666017381900600}
    m_Modifications:
    - target: {fileID: 1957200297893356606, guid: 8215df2cc4a7fab409d9e67eee767219, type: 3}
      propertyPath: m_Name
      value: Level 13 (Handball)
      objectReference: {fileID: 0}
    - target: {fileID: 1957200297893356606, guid: 8215df2cc4a7fab409d9e67eee767219, type: 3}
      propertyPath: m_IsActive
      value: 1
      objectReference: {fileID: 0}
    - target: {fileID: 1957200297893356607, guid: 8215df2cc4a7fab409d9e67eee767219, type: 3}
      propertyPath: m_RootOrder
      value: 3
      objectReference: {fileID: 0}
    - target: {fileID: 1957200297893356607, guid: 8215df2cc4a7fab409d9e67eee767219, type: 3}
      propertyPath: m_LocalPosition.x
      value: 0
      objectReference: {fileID: 0}
    - target: {fileID: 1957200297893356607, guid: 8215df2cc4a7fab409d9e67eee767219, type: 3}
      propertyPath: m_LocalPosition.y
      value: 0
      objectReference: {fileID: 0}
    - target: {fileID: 1957200297893356607, guid: 8215df2cc4a7fab409d9e67eee767219, type: 3}
      propertyPath: m_LocalPosition.z
      value: 0
      objectReference: {fileID: 0}
    - target: {fileID: 1957200297893356607, guid: 8215df2cc4a7fab409d9e67eee767219, type: 3}
      propertyPath: m_LocalRotation.w
      value: 1
      objectReference: {fileID: 0}
    - target: {fileID: 1957200297893356607, guid: 8215df2cc4a7fab409d9e67eee767219, type: 3}
      propertyPath: m_LocalRotation.x
      value: -0
      objectReference: {fileID: 0}
    - target: {fileID: 1957200297893356607, guid: 8215df2cc4a7fab409d9e67eee767219, type: 3}
      propertyPath: m_LocalRotation.y
      value: -0
      objectReference: {fileID: 0}
    - target: {fileID: 1957200297893356607, guid: 8215df2cc4a7fab409d9e67eee767219, type: 3}
      propertyPath: m_LocalRotation.z
      value: -0
      objectReference: {fileID: 0}
    - target: {fileID: 1957200297893356607, guid: 8215df2cc4a7fab409d9e67eee767219, type: 3}
      propertyPath: m_LocalEulerAnglesHint.x
      value: 0
      objectReference: {fileID: 0}
    - target: {fileID: 1957200297893356607, guid: 8215df2cc4a7fab409d9e67eee767219, type: 3}
      propertyPath: m_LocalEulerAnglesHint.y
      value: 0
      objectReference: {fileID: 0}
    - target: {fileID: 1957200297893356607, guid: 8215df2cc4a7fab409d9e67eee767219, type: 3}
      propertyPath: m_LocalEulerAnglesHint.z
      value: 0
      objectReference: {fileID: 0}
    - target: {fileID: 1957200299102290428, guid: 8215df2cc4a7fab409d9e67eee767219, type: 3}
      propertyPath: m_Camera
      value: 
      objectReference: {fileID: 0}
    - target: {fileID: 5901090571641265832, guid: 8215df2cc4a7fab409d9e67eee767219, type: 3}
      propertyPath: m_Mesh
      value: 
      objectReference: {fileID: 7412172492267239524, guid: 45b9efb3991e7a44e86da3dd5d9bb8d4, type: 3}
    - target: {fileID: 5901090571641265834, guid: 8215df2cc4a7fab409d9e67eee767219, type: 3}
      propertyPath: m_Mesh
      value: 
      objectReference: {fileID: 7412172492267239524, guid: 45b9efb3991e7a44e86da3dd5d9bb8d4, type: 3}
    - target: {fileID: 5901090571641265838, guid: 8215df2cc4a7fab409d9e67eee767219, type: 3}
      propertyPath: cooldown
      value: -186.89308
      objectReference: {fileID: 0}
    - target: {fileID: 5901090571641265838, guid: 8215df2cc4a7fab409d9e67eee767219, type: 3}
      propertyPath: maskMesh
      value: 
      objectReference: {fileID: 7412172492267239524, guid: 45b9efb3991e7a44e86da3dd5d9bb8d4, type: 3}
    - target: {fileID: 5901090571641265839, guid: 8215df2cc4a7fab409d9e67eee767219, type: 3}
      propertyPath: m_Name
      value: AcutePyramid
      objectReference: {fileID: 0}
    - target: {fileID: 5901090571641265839, guid: 8215df2cc4a7fab409d9e67eee767219, type: 3}
      propertyPath: m_IsActive
      value: 0
      objectReference: {fileID: 0}
    - target: {fileID: 5901090571641265879, guid: 8215df2cc4a7fab409d9e67eee767219, type: 3}
      propertyPath: m_LocalScale.x
      value: 2
      objectReference: {fileID: 0}
    - target: {fileID: 5901090571641265879, guid: 8215df2cc4a7fab409d9e67eee767219, type: 3}
      propertyPath: m_LocalScale.y
      value: 0.0001
      objectReference: {fileID: 0}
    - target: {fileID: 5901090571641265879, guid: 8215df2cc4a7fab409d9e67eee767219, type: 3}
      propertyPath: m_LocalScale.z
      value: 2
      objectReference: {fileID: 0}
    - target: {fileID: 5901090571641265879, guid: 8215df2cc4a7fab409d9e67eee767219, type: 3}
      propertyPath: m_LocalPosition.x
      value: -0.25
      objectReference: {fileID: 0}
    - target: {fileID: 5901090571641265879, guid: 8215df2cc4a7fab409d9e67eee767219, type: 3}
      propertyPath: m_LocalPosition.y
      value: 1.67
      objectReference: {fileID: 0}
    - target: {fileID: 5901090571641265879, guid: 8215df2cc4a7fab409d9e67eee767219, type: 3}
      propertyPath: m_LocalRotation.w
      value: -0.18301275
      objectReference: {fileID: 0}
    - target: {fileID: 5901090571641265879, guid: 8215df2cc4a7fab409d9e67eee767219, type: 3}
      propertyPath: m_LocalRotation.x
      value: 0.18301275
      objectReference: {fileID: 0}
    - target: {fileID: 5901090571641265879, guid: 8215df2cc4a7fab409d9e67eee767219, type: 3}
      propertyPath: m_LocalRotation.y
      value: 0.6830127
      objectReference: {fileID: 0}
    - target: {fileID: 5901090571641265879, guid: 8215df2cc4a7fab409d9e67eee767219, type: 3}
      propertyPath: m_LocalRotation.z
      value: -0.6830127
      objectReference: {fileID: 0}
    - target: {fileID: 5901090571641265879, guid: 8215df2cc4a7fab409d9e67eee767219, type: 3}
      propertyPath: m_LocalEulerAnglesHint.x
      value: 120
      objectReference: {fileID: 0}
    - target: {fileID: 5901090571641265879, guid: 8215df2cc4a7fab409d9e67eee767219, type: 3}
      propertyPath: m_LocalEulerAnglesHint.y
      value: 90
      objectReference: {fileID: 0}
    - target: {fileID: 5901090571641265879, guid: 8215df2cc4a7fab409d9e67eee767219, type: 3}
      propertyPath: m_LocalEulerAnglesHint.z
      value: -90
      objectReference: {fileID: 0}
    m_RemovedComponents:
    - {fileID: 0}
  m_SourcePrefab: {fileID: 100100000, guid: 8215df2cc4a7fab409d9e67eee767219, type: 3}
--- !u!4 &1088862296961874086 stripped
Transform:
  m_CorrespondingSourceObject: {fileID: 1957200297893356607, guid: 8215df2cc4a7fab409d9e67eee767219, type: 3}
  m_PrefabInstance: {fileID: 1456128536636202137}
  m_PrefabAsset: {fileID: 0}
--- !u!4 &1088862296574760431 stripped
Transform:
  m_CorrespondingSourceObject: {fileID: 1957200298210822518, guid: 8215df2cc4a7fab409d9e67eee767219, type: 3}
  m_PrefabInstance: {fileID: 1456128536636202137}
  m_PrefabAsset: {fileID: 0}
--- !u!1001 &1456128536658814556
PrefabInstance:
  m_ObjectHideFlags: 0
  serializedVersion: 2
  m_Modification:
    m_TransformParent: {fileID: 1088862295616899272}
    m_Modifications:
    - target: {fileID: 5390173034849471112, guid: fffbea1cecd22d349b0c1794787a87ee, type: 3}
      propertyPath: m_Materials.Array.data[0]
      value: 
      objectReference: {fileID: 2100000, guid: 3954348aa2ddfd4428df67e17983932f, type: 2}
    - target: {fileID: 5390173034849471113, guid: fffbea1cecd22d349b0c1794787a87ee, type: 3}
      propertyPath: m_Mesh
      value: 
      objectReference: {fileID: 4300000, guid: 33a01f838b0d2d142992f49816cfe414, type: 2}
    - target: {fileID: 5390173034849471115, guid: fffbea1cecd22d349b0c1794787a87ee, type: 3}
      propertyPath: m_Mesh
      value: 
      objectReference: {fileID: 4300000, guid: 33a01f838b0d2d142992f49816cfe414, type: 2}
    - target: {fileID: 5390173034849471115, guid: fffbea1cecd22d349b0c1794787a87ee, type: 3}
      propertyPath: m_Convex
      value: 0
      objectReference: {fileID: 0}
    - target: {fileID: 5390173034849471116, guid: fffbea1cecd22d349b0c1794787a87ee, type: 3}
      propertyPath: width
      value: 2048
      objectReference: {fileID: 0}
    - target: {fileID: 5390173034849471116, guid: fffbea1cecd22d349b0c1794787a87ee, type: 3}
      propertyPath: height
      value: 2048
      objectReference: {fileID: 0}
    - target: {fileID: 5390173034849471118, guid: fffbea1cecd22d349b0c1794787a87ee, type: 3}
      propertyPath: m_Name
      value: Badminton
      objectReference: {fileID: 0}
    - target: {fileID: 5390173034849471118, guid: fffbea1cecd22d349b0c1794787a87ee, type: 3}
      propertyPath: m_IsActive
      value: 1
      objectReference: {fileID: 0}
    - target: {fileID: 5390173034849471119, guid: fffbea1cecd22d349b0c1794787a87ee, type: 3}
      propertyPath: cooldown
      value: -978.17786
      objectReference: {fileID: 0}
    - target: {fileID: 5390173034849471119, guid: fffbea1cecd22d349b0c1794787a87ee, type: 3}
      propertyPath: maskMesh
      value: 
      objectReference: {fileID: 4300000, guid: 33a01f838b0d2d142992f49816cfe414, type: 2}
    - target: {fileID: 5390173034849471222, guid: fffbea1cecd22d349b0c1794787a87ee, type: 3}
      propertyPath: m_RootOrder
      value: 1
      objectReference: {fileID: 0}
    - target: {fileID: 5390173034849471222, guid: fffbea1cecd22d349b0c1794787a87ee, type: 3}
      propertyPath: m_LocalScale.x
      value: 2.371378
      objectReference: {fileID: 0}
    - target: {fileID: 5390173034849471222, guid: fffbea1cecd22d349b0c1794787a87ee, type: 3}
      propertyPath: m_LocalScale.y
      value: 2.3713782
      objectReference: {fileID: 0}
    - target: {fileID: 5390173034849471222, guid: fffbea1cecd22d349b0c1794787a87ee, type: 3}
      propertyPath: m_LocalScale.z
      value: 0.00009977741
      objectReference: {fileID: 0}
    - target: {fileID: 5390173034849471222, guid: fffbea1cecd22d349b0c1794787a87ee, type: 3}
      propertyPath: m_LocalPosition.x
      value: 0
      objectReference: {fileID: 0}
    - target: {fileID: 5390173034849471222, guid: fffbea1cecd22d349b0c1794787a87ee, type: 3}
      propertyPath: m_LocalPosition.y
      value: 1.4255
      objectReference: {fileID: 0}
    - target: {fileID: 5390173034849471222, guid: fffbea1cecd22d349b0c1794787a87ee, type: 3}
      propertyPath: m_LocalPosition.z
      value: 0.05
      objectReference: {fileID: 0}
    - target: {fileID: 5390173034849471222, guid: fffbea1cecd22d349b0c1794787a87ee, type: 3}
      propertyPath: m_LocalRotation.w
      value: 0
      objectReference: {fileID: 0}
    - target: {fileID: 5390173034849471222, guid: fffbea1cecd22d349b0c1794787a87ee, type: 3}
      propertyPath: m_LocalRotation.x
      value: -0
      objectReference: {fileID: 0}
    - target: {fileID: 5390173034849471222, guid: fffbea1cecd22d349b0c1794787a87ee, type: 3}
      propertyPath: m_LocalRotation.y
      value: 1
      objectReference: {fileID: 0}
    - target: {fileID: 5390173034849471222, guid: fffbea1cecd22d349b0c1794787a87ee, type: 3}
      propertyPath: m_LocalRotation.z
      value: -0
      objectReference: {fileID: 0}
    - target: {fileID: 5390173034849471222, guid: fffbea1cecd22d349b0c1794787a87ee, type: 3}
      propertyPath: m_LocalEulerAnglesHint.x
      value: 0
      objectReference: {fileID: 0}
    - target: {fileID: 5390173034849471222, guid: fffbea1cecd22d349b0c1794787a87ee, type: 3}
      propertyPath: m_LocalEulerAnglesHint.y
      value: 180
      objectReference: {fileID: 0}
    - target: {fileID: 5390173034849471222, guid: fffbea1cecd22d349b0c1794787a87ee, type: 3}
      propertyPath: m_LocalEulerAnglesHint.z
      value: 0
      objectReference: {fileID: 0}
    m_RemovedComponents: []
  m_SourcePrefab: {fileID: 100100000, guid: fffbea1cecd22d349b0c1794787a87ee, type: 3}
