%YAML 1.1
%TAG !u! tag:unity3d.com,2011:
--- !u!243 &-8110382489379664005
AudioMixerGroupController:
  m_ObjectHideFlags: 0
  m_CorrespondingSourceObject: {fileID: 0}
  m_PrefabInstance: {fileID: 0}
  m_PrefabAsset: {fileID: 0}
  m_Name: Music
  m_AudioMixer: {fileID: 24100000}
  m_GroupID: 339eace0b108552418693e4170e790cb
  m_Children: []
  m_Volume: 34510c927399ba8489808934292ef9f3
  m_Pitch: 49d017acff0719349b8bd9957fd9fdaa
  m_Send: 00000000000000000000000000000000
  m_Effects:
  - {fileID: 5141810497535382251}
  m_UserColorIndex: 0
  m_Mute: 0
  m_Solo: 0
  m_BypassEffects: 0
--- !u!244 &-6766380687693131040
AudioMixerEffectController:
  m_ObjectHideFlags: 3
  m_CorrespondingSourceObject: {fileID: 0}
  m_PrefabInstance: {fileID: 0}
  m_PrefabAsset: {fileID: 0}
  m_Name: 
  m_EffectID: 4380be5e3c2ae044c83d9cff7f5d688e
  m_EffectName: Duck Volume
  m_MixLevel: 2dad4d184964598428360fb101bd176a
  m_Parameters:
  - m_ParameterName: Threshold
    m_GUID: 069b1e85d42d3ea4f81653751be75ae0
  - m_ParameterName: Ratio
    m_GUID: 81a5364357ef20b4fa9ce80e2865c3c7
  - m_ParameterName: Attack Time
    m_GUID: 9f1d26d710202604f85833726a31551e
  - m_ParameterName: Release Time
    m_GUID: 6048a8033e227374d9b744a5e1e09149
  - m_ParameterName: Make-up Gain
    m_GUID: 39c4c320716d2114183de3d0decb2986
  - m_ParameterName: Knee
    m_GUID: e5499a4393b12824fa5b342f6ac0b275
  - m_ParameterName: Sidechain Mix
    m_GUID: 3d26891da782fef48b1b9312ec67a50c
  m_SendTarget: {fileID: 0}
  m_EnableWetMix: 0
  m_Bypass: 0
--- !u!244 &-6465535759581285428
AudioMixerEffectController:
  m_ObjectHideFlags: 3
  m_CorrespondingSourceObject: {fileID: 0}
  m_PrefabInstance: {fileID: 0}
  m_PrefabAsset: {fileID: 0}
  m_Name: 
  m_EffectID: a6d4d831dfc65784eb32bf2197130c95
  m_EffectName: Lowpass
  m_MixLevel: f543c43716e509e4ba0468b396ec8628
  m_Parameters:
  - m_ParameterName: Cutoff freq
    m_GUID: 0925d17394840ff4683166f1d601aeda
  - m_ParameterName: Resonance
    m_GUID: e9e993db5cee5804e917a24679ec185c
  m_SendTarget: {fileID: 0}
  m_EnableWetMix: 0
  m_Bypass: 0
--- !u!244 &-6154093375411135525
AudioMixerEffectController:
  m_ObjectHideFlags: 3
  m_CorrespondingSourceObject: {fileID: 0}
  m_PrefabInstance: {fileID: 0}
  m_PrefabAsset: {fileID: 0}
  m_Name: 
  m_EffectID: 418f10667537bf44e856f74b3c96b209
  m_EffectName: ParamEQ
  m_MixLevel: 00fa720d0d377ee4a80fc82393d9c680
  m_Parameters:
  - m_ParameterName: Center freq
    m_GUID: 7d2880450c773ab4aa12f0feac8724c4
  - m_ParameterName: Octave range
    m_GUID: 8c7899c7af2be104498ab8e3a5db26b5
  - m_ParameterName: Frequency gain
    m_GUID: abfa1560eef6b81428ff7ceae3683bd5
  m_SendTarget: {fileID: 0}
  m_EnableWetMix: 0
  m_Bypass: 0
--- !u!244 &-6130827923061379550
AudioMixerEffectController:
  m_ObjectHideFlags: 3
  m_CorrespondingSourceObject: {fileID: 0}
  m_PrefabInstance: {fileID: 0}
  m_PrefabAsset: {fileID: 0}
  m_Name: 
  m_EffectID: 30441a5f42f6b37499771528df3dab60
  m_EffectName: Highpass
  m_MixLevel: 31bf51e6824727b428b9932142b53e48
  m_Parameters:
  - m_ParameterName: Cutoff freq
    m_GUID: 52874d20298f0354ea97c78d367933f4
  - m_ParameterName: Resonance
    m_GUID: 6b89d7904c8b991458a52963a88b600b
  m_SendTarget: {fileID: 0}
  m_EnableWetMix: 0
  m_Bypass: 0
--- !u!244 &-5478893818972198092
AudioMixerEffectController:
  m_ObjectHideFlags: 3
  m_CorrespondingSourceObject: {fileID: 0}
  m_PrefabInstance: {fileID: 0}
  m_PrefabAsset: {fileID: 0}
  m_Name: 
  m_EffectID: ffc602fa71c12884a8f197e586867af6
  m_EffectName: Highpass Simple
  m_MixLevel: 423fbfe5d8fade246a02eac96ce5265e
  m_Parameters:
  - m_ParameterName: Cutoff freq
    m_GUID: af9b7b4e2a5c9f44995a509d612267e5
  m_SendTarget: {fileID: 0}
  m_EnableWetMix: 0
  m_Bypass: 0
--- !u!241 &24100000
AudioMixerController:
  m_ObjectHideFlags: 0
  m_CorrespondingSourceObject: {fileID: 0}
  m_PrefabInstance: {fileID: 0}
  m_PrefabAsset: {fileID: 0}
  m_Name: MasterAudioMixer
  m_OutputGroup: {fileID: 0}
  m_MasterGroup: {fileID: 24300002}
  m_Snapshots:
  - {fileID: 24500006}
  m_StartSnapshot: {fileID: 24500006}
  m_SuspendThreshold: -80
  m_EnableSuspend: 1
  m_UpdateMode: 0
  m_ExposedParameters:
  - guid: 33bca4b86efacbe4faa0038c664f2dd8
    name: MasterVolume
  - guid: 34510c927399ba8489808934292ef9f3
    name: MusicVolume
  - guid: ec4a8997cfc07224f970f712fcbecb3d
    name: SoundEffectsVolume
  m_AudioMixerGroupViews:
  - guids:
    - ff361bd0a3efcc14a941f358b0ae1c6a
    - 339eace0b108552418693e4170e790cb
    - 963733f962bfb894b97f45c41ba10778
    name: View
  m_CurrentViewIndex: 0
  m_TargetSnapshot: {fileID: 24500006}
--- !u!243 &24300002
AudioMixerGroupController:
  m_ObjectHideFlags: 0
  m_CorrespondingSourceObject: {fileID: 0}
  m_PrefabInstance: {fileID: 0}
  m_PrefabAsset: {fileID: 0}
  m_Name: Master
  m_AudioMixer: {fileID: 24100000}
  m_GroupID: ff361bd0a3efcc14a941f358b0ae1c6a
  m_Children:
  - {fileID: -8110382489379664005}
  - {fileID: 226701959756175326}
  m_Volume: 33bca4b86efacbe4faa0038c664f2dd8
  m_Pitch: ff9754f5633691140a8f581319e31137
  m_Send: 00000000000000000000000000000000
  m_Effects:
  - {fileID: 24400004}
  m_UserColorIndex: 0
  m_Mute: 0
  m_Solo: 0
  m_BypassEffects: 0
--- !u!244 &24400004
AudioMixerEffectController:
  m_ObjectHideFlags: 3
  m_CorrespondingSourceObject: {fileID: 0}
  m_PrefabInstance: {fileID: 0}
  m_PrefabAsset: {fileID: 0}
  m_Name: 
  m_EffectID: 493e8f01bc77bbc46a68869c77041923
  m_EffectName: Attenuation
  m_MixLevel: 163493d9ec0c3c040b9a4ca5147c2cc2
  m_Parameters: []
  m_SendTarget: {fileID: 0}
  m_EnableWetMix: 0
  m_Bypass: 0
--- !u!245 &24500006
AudioMixerSnapshotController:
  m_ObjectHideFlags: 0
  m_CorrespondingSourceObject: {fileID: 0}
  m_PrefabInstance: {fileID: 0}
  m_PrefabAsset: {fileID: 0}
  m_Name: Snapshot
  m_AudioMixer: {fileID: 24100000}
  m_SnapshotID: d25faad30aa967643a56bc55322a6cde
  m_FloatValues:
    abfa1560eef6b81428ff7ceae3683bd5: 0.05
    7d2880450c773ab4aa12f0feac8724c4: 20
    8c7899c7af2be104498ab8e3a5db26b5: 1
  m_TransitionOverrides: {}
--- !u!243 &226701959756175326
AudioMixerGroupController:
  m_ObjectHideFlags: 0
  m_CorrespondingSourceObject: {fileID: 0}
  m_PrefabInstance: {fileID: 0}
  m_PrefabAsset: {fileID: 0}
  m_Name: SoundEffects
  m_AudioMixer: {fileID: 24100000}
  m_GroupID: 963733f962bfb894b97f45c41ba10778
  m_Children: []
  m_Volume: ec4a8997cfc07224f970f712fcbecb3d
  m_Pitch: 9b24ef8bb7b581a468794db930823f05
  m_Send: 00000000000000000000000000000000
  m_Effects:
  - {fileID: 8235826627852710792}
  m_UserColorIndex: 0
  m_Mute: 0
  m_Solo: 0
  m_BypassEffects: 0
--- !u!244 &4423150492282319376
AudioMixerEffectController:
  m_ObjectHideFlags: 3
  m_CorrespondingSourceObject: {fileID: 0}
  m_PrefabInstance: {fileID: 0}
  m_PrefabAsset: {fileID: 0}
  m_Name: 
  m_EffectID: 8a8d139afbf7e644f90619fca45526f5
  m_EffectName: Send
  m_MixLevel: ea6cf286b7dc5904893bec8547d95fa8
  m_Parameters: []
  m_SendTarget: {fileID: 0}
  m_EnableWetMix: 0
  m_Bypass: 0
--- !u!244 &5141810497535382251
AudioMixerEffectController:
  m_ObjectHideFlags: 3
  m_CorrespondingSourceObject: {fileID: 0}
  m_PrefabInstance: {fileID: 0}
  m_PrefabAsset: {fileID: 0}
  m_Name: 
  m_EffectID: 7ca6120b827391540a9fd79ad860b849
  m_EffectName: Attenuation
  m_MixLevel: 216af7ed9c093074cbf2980c7ce89c96
  m_Parameters: []
  m_SendTarget: {fileID: 0}
  m_EnableWetMix: 0
  m_Bypass: 0
--- !u!244 &8235826627852710792
AudioMixerEffectController:
  m_ObjectHideFlags: 3
  m_CorrespondingSourceObject: {fileID: 0}
  m_PrefabInstance: {fileID: 0}
  m_PrefabAsset: {fileID: 0}
  m_Name: 
  m_EffectID: a1986ec90c83c3447bcbd7c9c3c6f52e
  m_EffectName: Attenuation
  m_MixLevel: 430567af75e48834088e8eb64e5a743c
  m_Parameters: []
  m_SendTarget: {fileID: 0}
  m_EnableWetMix: 0
  m_Bypass: 0
